@article{Jaynes1957,
  title                    = {{Information Theory and Statistical Mechanics. II}},
  author                   = {{Jaynes}, E.~T.},
  journal                  = {Physical Review},
  year                     = {1957},
  Month                    = {Oct},
  pages                    = {171-190},
  volume                   = {108},
  doi                      = {10.1103/PhysRev.108.171}
}
@article{Yakowitz1968,
  title={On the identifiability of finite mixtures},
  author={Yakowitz, Sidney J and Spragins, John D},
  journal={The Annals of Mathematical Statistics},
  pages={209--214},
  year={1968},
  publisher={JSTOR}
}
@article{Anonymous1978,
  title={Influenza in a Boarding School},
  author={Anon.},
  journal={The British Medical Journal},
  volume={1},
  pages={587},
  year={1978}
}
@article{Diaconis1979,
  title={Conjugate priors for exponential families},
  author={Diaconis, Persi and Ylvisaker, Donald},
  journal={The Annals of Statistics},
  pages={269--281},
  year={1979},
  publisher={JSTOR}
}
@article{Aitchson1980,
  title                    = {Logistic-normal distributions: Some properties and uses},
  author                   = {J. Aitchison and S. M. Shen},
  journal                  = {Biometrika},
  year                     = {1980},
  number                   = {2},
  pages                    = {261-272},
  volume                   = {67},
  Timestamp                = {2017.02.23}
}
@article{Genest1984,
  title                    = {Aggregating opinions through logarithmic pooling},
  author                   = {Genest, Christian and Weerahandi, Samaradasa and Zidek, James V},
  journal                  = {Theory and Decision},
  year                     = {1984},
  number                   = {1},
  pages                    = {61--70},
  volume                   = {17},

  publisher                = {Springer}
}
@article{West1984,
  title                    = {Bayesian aggregation},
  author                   = {West, Mike},
  journal                  = {Journal of the Royal Statistical Society. Series A (General)},
  year                     = {1984},
  pages                    = {600--607},
  publisher                = {JSTOR}
}
@article{French1985,
  title={Group consensus probability distributions: A critical survey in Bayesian statistics},
  author={French, S},
  journal={Bayesian statistics},
  volume={2},
  year={1985}
}
@article{Genest1986A,
  title                    = {Characterization of externally Bayesian pooling operators},
  author                   = {Genest, Christian and McConway, Kevin J and Schervish, Mark J},
  journal                  = {The Annals of Statistics},
  year                     = {1986},
  pages                    = {487--501},

  publisher                = {JSTOR}
}
@article{Genest1986B,
  title                    = {Combining probability distributions: A critique and an annotated bibliography},
  author                   = {Genest, Christian and Zidek, James V},
  journal                  = {Statistical Science},
  year                     = {1986},
  pages                    = {114--135},

  publisher                = {JSTOR}
}
@article{Evans1988,
  title={The entropy of a Poisson distribution (C. Robert Appledorn)},
  author={Evans, Ronald J and Boersma, J},
  journal={SIAM Review},
  volume={30},
  number={2},
  pages={314--317},
  year={1988},
  publisher={SIAM}
}
@article{Lind1988,
  title                    = {Pooling expert opinions on probability distributions},
  author                   = {Lind, Niels C and Nowak, Andrzej S},
  journal                  = {Journal of engineering mechanics},
  year                     = {1988},
  number                   = {2},
  pages                    = {328--341},
  volume                   = {114},

  publisher                = {American Society of Civil Engineers}
}
@article{Gelman1992,
  title={Inference from iterative simulation using multiple sequences},
  author={Gelman, Andrew and Rubin, Donald B},
  journal={Statistical science},
  pages={457--472},
  year={1992},
  publisher={JSTOR}
}
@article{Savchuk1994,
  title                    = {Bayes reliability estimation using multiple sources of prior information: binomial sampling},
  author                   = {Savchuk, Vladimir P and Martz, Harry F},
  journal                  = {Reliability, IEEE Transactions on},
  year                     = {1994},
  number                   = {1},
  pages                    = {138--144},
  volume                   = {43},

  publisher                = {IEEE}
}
@article{Byrd1995,
  title={A limited memory algorithm for bound constrained optimization},
  author={Byrd, Richard H and Lu, Peihuang and Nocedal, Jorge and Zhu, Ciyou},
  journal={SIAM Journal on Scientific Computing},
  volume={16},
  number={5},
  pages={1190--1208},
  year={1995},
  publisher={SIAM}
}
@article{Jacobs1995,
  title                    = {Methods for combining experts' probability assessments},
  author                   = {Jacobs, Robert A},
  journal                  = {Neural computation},
  year                     = {1995},
  number                   = {5},
  pages                    = {867--888},
  volume                   = {7},

  publisher                = {MIT Press}
}
@article{Kass1996,
  title                    = {The selection of prior distributions by formal rules},
  author                   = {Kass, Robert E and Wasserman, Larry},
  journal                  = {Journal of the American Statistical Association},
  year                     = {1996},
  number                   = {435},
  pages                    = {1343--1370},
  volume                   = {91},
  publisher                = {Taylor \& Francis Group}
}
@article{Myung1996,
  title                    = {Maximum entropy aggregation of expert predictions},
  author                   = {Myung, In Jae and Ramamoorti, Sridhar and Bailey Jr, Andrew D},
  journal                  = {Management Science},
  year                     = {1996},
  number                   = {10},
  pages                    = {1420--1436},
  volume                   = {42},
  publisher                = {INFORMS}
}
@inproceedings{Pennock1997,
  author={Pennock, David M and Wellman, Michael P},
  editor={Geiger, Dan and Shenoy, Prakash Pundalik},
  title={Representing aggregate belief through the competitive equilibrium of a securities market},
  year={1997},
  booktitle={Proceedings of the Thirteenth Conference on Uncertainty in Artificial Intelligence},
  eventdate={1997-08-01/19991-08-03},
  publisher= {Morgan Kaufmann Publishers Inc.},
  location= {San Francisco, CA},
  pages= {392-400},
}
@article{Heskes1998,
  title                    = {Selecting weighting factors in logarithmic opinion pools},
  author                   = {Heskes, Tom},
  journal                  = {Advances in neural information processing systems},
  year                     = {1998},
  pages                    = {266--272},
  publisher                = {MORGAN KAUFMANN PUBLISHERS}
}
@article{Givens1999,
  title                    = {Logarithmic pooling of priors linked by a deterministic simulation model},
  author                   = {Givens, Geof H and Roback, Paul J},
  journal                  = {Journal of Computational and Graphical Statistics},
  year                     = {1999},
  number                   = {3},
  pages                    = {452--478},
  volume                   = {8},

  publisher                = {Taylor \& Francis Group}
}
@article{Harrison1999,
  title                    = {Incident HIV infection in a high-risk, homosexual, male cohort in Rio de Janeiro, Brazil.},
  author                   = {Harrison, Lee H and do Lago, Regina F and Friedman, Ruth K and Rodrigues, J{\'u}nia and Santos, Elizabeth M and de Melo, Maria F{\'a}tima and Moulton, Lawrence H and Schechter, Mauro and Projeto Pra{\c{c}}a Onze Study Group and others},
  journal                  = {JAIDS Journal of Acquired Immune Deficiency Syndromes},
  year                     = {1999},
  number                   = {5},
  pages                    = {408--412},
  volume                   = {21},
  publisher                = {LWW}
}
@techreport{BMH2000,
  title                    = {Bela Vista \& Horizon: Behavioral and serological studies among men who have sex with men},
  author                   = {{Brazilian Ministry of Health}},
  Institution              = {Bras√≠lia: Brazilian Ministry of Health},
  year                     = {2000},
  note                     = {In Portuguese}
}
@article{Poole2000,
  title                    = {Inference for deterministic simulation models: the Bayesian melding approach},
  author                   = {Poole, David and Raftery, Adrian E},
  journal                  = {Journal of the American Statistical Association},
  year                     = {2000},
  number                   = {452},
  pages                    = {1244--1255},
  volume                   = {95},
  publisher                = {Taylor \& Francis Group}
}
@article{Roback2001,
  title                    = {Supra-bayesian pooling of priors linked by a deterministic simulation model},
  author                   = {Roback, Paul J and Givens, Geof H},
  journal                  = {Communications in Statistics-Simulation and Computation},
  year                     = {2001},
  number                   = {3},
  pages                    = {447--476},
  volume                   = {30},

  publisher                = {Taylor \& Francis}
}
@book{Robert2001,
  title                    = {The Bayesian Choice: From Decision-Theoretic Foundations to Computational Implementation (Springer Texts in Statistics) by},
  author                   = {Robert, Christian P},
  publisher                = {Springer-Verlag New York},
  year                     = {2001}
}
@article{Guardoni2002,
  title={On Irrelevance of Alternatives and Opinion Pooling},
  author={Guardoni, Gustavo L},
  journal={Brazilian Journal of Probability and Statistics},
  pages={87--98},
  year={2002},
  publisher={JSTOR}
}
@book{Murray2002,
  added-at = {2011-01-13T13:26:12.000+0100},
  address = {New York},
  author = {Murray, James D.},
  biburl = {https://www.bibsonomy.org/bibtex/24ce4d3b638dfb74047831975a2c9a4b3/rincedd},
  doi = {10.1007/b98868},
  edition = 3,
  file = {:murray j.d. mathematical biology.. i. an introduction (3ed., springer, 2002)(576s).pdf:PDF},
  interhash = {b84ca2a0b50b723b2a740dad70395b31},
  intrahash = {4ce4d3b638dfb74047831975a2c9a4b3},
  keywords = {mathematical-biology epidemics epidemiology},
  publisher = {Springer},
  series = {Interdisciplinary Applied Mathematics},
  timestamp = {2011-01-13T13:26:12.000+0100},
  title = {Mathematical Biology I. An Introduction},
  volume = 17,
  year = 2002
}
@article{Sutmoller2002,
  title                    = {Human immunodeficiency virus incidence and risk behavior in the ‚Äò{Projeto Rio}‚Äô: Results of the first 5 years of the {Rio de Janeiro} open cohort of homosexual and bisexual men, 1994--1998},
  author                   = {Sutmoller, Frits and Penna, Therezinha Lucy and de Souza, Claudia Teresa Vieira and Lambert, John and Oswaldo Cruz Foundation STD/HIV Prevention Group and others},
  journal                  = {International journal of infectious diseases},
  year                     = {2002},
  number                   = {4},
  pages                    = {259--265},
  volume                   = {6},
  publisher                = {Elsevier}
}
@article{Barcellos2003,
  title                    = {Prevalence of and risk factors for {HIV} infection in individuals testing for {HIV} at counseling centers in {Brazil}},
  author                   = {Barcellos, Nemora Tregnago and Fuchs, Sandra Costa and Fuchs, Flavio Danni},
  journal                  = {Sexually transmitted diseases},
  year                     = {2003},
  number                   = {2},
  pages                    = {166--173},
  volume                   = {30},
  publisher                = {LWW}
}
@article{Carneiro2003,
  title                    = {Determinants of human immunodeficiency virus ({HIV}) prevalence in homosexual and bisexual men screened for admission to a cohort study of {HIV} negatives in {Belo Horizonte}, {Brazil: Project Horizonte}},
  author                   = {Carneiro, Mari{\^a}ngela and Cardoso, Fab{\'\i}ola Adriane and Greco, Mar{\'\i}lia and Oliveira, Edson and Andrade, J{\'u}lio and Greco, Dirceu Bartolomeu and Antunes, Carlos Maur{\'\i}cio de Figueiredo},
  journal                  = {Mem{\'o}rias do Instituto Oswaldo Cruz},
  year                     = {2003},
  number                   = {3},
  pages                    = {325--329},
  volume                   = {98},
  publisher                = {{SciELO Brasil}}
}
@article{Bagnoli2005,
  title={Log-concave probability and its applications},
  author={Bagnoli, Mark and Bergstrom, Ted},
  journal={Economic theory},
  volume={26},
  number={2},
  pages={445--469},
  year={2005},
  publisher={Springer}
}
@article{Alkema2007,
  title={Probabilistic projections of {HIV} prevalence using {B}ayesian melding},
  author={Alkema, Leontine and Raftery, Adrian E and Clark, Samuel J and others},
  journal={The Annals of Applied Statistics},
  volume={1},
  number={1},
  pages={229--248},
  year={2007},
  publisher={Institute of Mathematical Statistics}
}
@InCollection{Raftery2007,
  title                    = {Estimating the integrated likelihood via posterior simulation using the harmonic mean identity},
  author                   = {Raftery, Adrian E and Newton, Michael A and Satagopan, Jaya M and Krivitsky, Pavel N},
  Booktitle                = {{B}ayesian Statistics},
  publisher                = {Oxford University Press},
  year                     = {2007},
  Editor                   = {Bernardo,J. M. and Bayarri, M. J. and Berger, J. O. and Dawid, A. P. and Heckerman, D. and Smith, A. F. M. and West, M.},
  pages                    = {1--45}
}
@article{Alkema2008,
  title={Bayesian melding for estimating uncertainty in national HIV prevalence estimates},
  author={Alkema, Leontine and Raftery, Adrian E and Brown, Tim},
  journal={Sexually transmitted infections},
  volume={84},
  number={Suppl 1},
  pages={i11--i16},
  year={2008},
  publisher={BMJ Publishing Group Ltd}
}
@book{Rothman2008,
  title                    = {Modern Epidemiology},
  author                   = {Kenneth J. Rothman and Sander Greenland and TImithy L. Lash},
  publisher                = {Lippincott Williams \& Wilkins},
  year                     = {2008},
  edition                  = {3rd.}
}
@article{Tun2008,
  title                    = {Sexual risk behaviours and {HIV} seroprevalence among male sex workers who have sex with men and non-sex workers in {Campinas}, {Brazil}},
  author                   = {Tun, W and de Mello, M and Pinho, A and Chinaglia, M and Diaz, J},
  journal                  = {Sexually Transmitted Infections},
  year                     = {2008},
  number                   = {6},
  pages                    = {455--457},
  volume                   = {84},
  publisher                = {BMJ Publishing Group Ltd}
}
@article{Abbas2009,
  title                    = {A {K}ullback-{L}eibler view of linear and log-linear pools},
  author                   = {Abbas, Ali E},
  journal                  = {Decision Analysis},
  year                     = {2009},
  number                   = {1},
  pages                    = {25--37},
  volume                   = {6},
  publisher                = {INFORMS}
}
@article{Coelho2009,
  title                    = {{{D}ynamic modeling of vaccinating behavior as a function of individual beliefs}},
  author                   = {Coelho, F. C. and Code\c{c}o, C. T. },
  journal                  = {PLoS Comput. Biol.},
  year                     = {2009},
  month                    = {Jul},
  number                   = {7},
  pages                    = {e1000425},
  volume                   = {5}
}
@article{Neuenschwander2009,
  title={A note on the power prior},
  author={Neuenschwander, Beat and Branson, Michael and Spiegelhalter, David J},
  journal={Statistics in Medicine},
  volume={28},
  number={28},
  pages={3562--3566},
  year={2009},
  publisher={Wiley Online Library}
}
@article{Malta2010,
  title                    = {{HIV} prevalence among female sex workers, drug users and men who have sex with men in {Brazil}: a systematic review and meta-analysis},
  author                   = {Malta, Monica and Magnanini, Monica MF and Mello, Maeve B and Pascom, Ana Roberta P and Linhares, Yohana and Bastos, Francisco I},
  journal                  = {BMC Public Health},
  year                     = {2010},
  number                   = {1},
  pages                    = {1},
  volume                   = {10},
  publisher                = {BioMed Central}
}
@article{Melnykov2010,
  title={Finite mixture models and model-based clustering},
  author={Melnykov, Volodymyr and Maitra, Ranjan and others},
  journal={Statistics Surveys},
  volume={4},
  pages={80--116},
  year={2010},
  publisher={The author, under a Creative Commons Attribution License}
}
@article{Neal2011,
  title={MCMC using {H}amiltonian dynamics},
  author={Neal, Radford M and others},
  journal={Handbook of markov chain monte carlo},
  volume={2},
  number={11},
  pages={2},
  year={2011}
}
@article{Yeh2011,
  title                    = {H{\"o}lder's Inequality and Related Inequalities in Probability},
  author                   = {Yeh, Cheh-Chih},
  journal                  = {International Journal of Artificial Life Research (IJALR)},
  year                     = {2011},
  number                   = {1},
  pages                    = {54--61},
  volume                   = {2},
  publisher                = {IGI Global}
}
@inproceedings{Betancourt2012,
  title={Cruising the simplex: {H}amiltonian {M}onte {C}arlo and the {D}irichlet distribution},
  author={Betancourt, Michael},
  booktitle={AIP Conference Proceedings 31st},
  volume={1443},
  number={1},
  pages={157--164},
  year={2012},
  organization={AIP}
}
@article{Rufo2012A,
  title                    = {Log-Linear Pool to Combine Prior Distributions: A Suggestion for a Calibration-Based Approach},
  author                   = {Rufo, MJ and Martin, J and P{\'e}rez, CJ and others},
  journal                  = {Bayesian Analysis},
  year                     = {2012},
  number                   = {2},
  pages                    = {411--438},
  volume                   = {7},
  publisher                = {International Society for Bayesian Analysis}
}
@article{Rufo2012B,
  title                    = {A Bayesian approach to aggregate experts‚Äô initial information},
  author                   = {Rufo, Mar{\'\i}a Jes{\'u}s and P{\'e}rez, Carlos J and Mart{\'\i}n, Jacinto and others},
  journal                  = {Electronic Journal of Statistics},
  year                     = {2012},
  pages                    = {2362--2382},
  volume                   = {6},
  publisher                = {Institute of Mathematical Statistics}
}
@book{Lindley2013,
  title={Understanding uncertainty},
  author={Lindley, Dennis V},
  year={2013},
  publisher={John Wiley \& Sons}
}
@article{Biggerstaff2014,
  title={Estimates of the reproduction number for seasonal, pandemic, and zoonotic influenza: a systematic review of the literature},
  author={Biggerstaff, Matthew and Cauchemez, Simon and Reed, Carrie and Gambhir, Manoj and Finelli, Lyn},
  journal={BMC infectious diseases},
  volume={14},
  number={1},
  pages={480},
  year={2014},
  publisher={BioMed Central}
}
@article{Hoffman2014,
  title={The No-U-Turn sampler: adaptively setting path lengths in {H}amiltonian {M}onte {C}arlo.},
  author={Hoffman, Matthew D and Gelman, Andrew},
  journal={Journal of Machine Learning Research},
  volume={15},
  number={1},
  pages={1593--1623},
  year={2014}
}
@article{Coelho2015,
  title={Estimating the attack ratio of dengue epidemics under time-varying force of infection using aggregated notification data},
  author={Coelho, Flavio Code{\c{c}}o and Carvalho, Luiz Max},
  journal={Scientific reports},
  volume={5},
  pages={18455},
  year={2015},
  publisher={Nature Publishing Group}
}
@inproceedings{Zhong2015,
  title={Latent Bayesian melding for integrating individual and population models},
  author={Zhong, Mingjun and Goddard, Nigel and Sutton, Charles},
  booktitle={Advances in Neural Information Processing Systems},
  pages={3618--3626},
  year={2015}
}
@article{Betancourt2017,
  title={A conceptual introduction to {H}amiltonian {M}onte {C}arlo},
  author={Betancourt, Michael},
  journal={arXiv preprint arXiv:1701.02434},
  year={2017}
}
@article{Carpenter2017,
  title={Stan: A probabilistic programming language},
  author={Carpenter, Bob and Gelman, Andrew and Hoffman, Matthew D and Lee, Daniel and Goodrich, Ben and Betancourt, Michael and Brubaker, Marcus and Guo, Jiqiang and Li, Peter and Riddell, Allen},
  journal={Journal of statistical software},
  volume={76},
  number={1},
  year={2017},
  publisher={Columbia Univ., New York, NY (United States); Harvard Univ., Cambridge, MA~‚Ä¶}
}
@inproceedings{Li2017,
  title={Multiple priors integration for reliability estimation using the Bayesian melding method},
  author={Li, Zhaojun Steven and Guo, Jian and Xiao, Ning-Cong and Huang, Wei},
  booktitle={Reliability and Maintainability Symposium (RAMS), 2017 Annual},
  pages={1--6},
  year={2017},
  organization={IEEE}
}
@article{McAlinn2018,
  author = {K. McAlinn and K. A. Aastveit and M. West},
  title = {Bayesian predictive synthesis-- discussion of: Using stacking to average Bayesian predictive distributions, by Y. Yao et al},
  journal = {Bayesian Analysis},
  year = {2018},
  volume = {13},
  pages = {971--973},
  doi = {https://doi.org/10.1214/17-BA1091}
}
@article{Yao2018,
  title={Using stacking to average {B}ayesian predictive distributions (with discussion)},
  author={Yao, Yuling and Vehtari, Aki and Simpson, Daniel and Gelman, Andrew and others},
  journal={Bayesian Analysis},
  volume={13},
  number={3},
  pages={917--1003},
  year={2018},
  publisher={International Society for Bayesian Analysis}
}
@article{Carvalho2019,
  title={On the choice of weights for the logarithmic pooling of probability distributions},
  author={Carvalho, Luiz M. and Villela, Daniel V. and Coelho, Fl\'avio C. and Bastos, Leonardo S.},
  journal={In preparation},
  volume={},
  number={},
  pages={},
  year={2019},
  publisher={}
}
@article{McAlinn2019a,
  author = {K. McAlinn and K. A. Aastveit and J. Nakajima and M. West},
  title = {Multivariate Bayesian predictive synthesis in macroeconomic forecasting},
  journal = {Journal of the American Statistical Association},
  year = {2019},
  note = {arXiv:1711.01667. Published online: Oct 9 2019},
  url = {https://doi.org/10.1080/01621459.2019.1660171},
  arxiv = {1711.01667},
  doi = {https://doi.org/10.1080/01621459.2019.1660171}
}
@article{McAlinn2019b,
  author = {K. McAlinn and M. West},
  title = {Dynamic Bayesian predictive synthesis in time series forecasting},
  journal = {Journal of Econometrics},
  year = {2019},
  volume = {210},
  pages = {155--169},
  note = {arXiv:1601.07463},
  url = {https://doi.org/10.1016/j.jeconom.2018.11.010},
  arxiv = {1601.07463},
  doi = {https://doi.org/10.1016/j.jeconom.2018.11.010}
}
@Manual{Outbreaks2019,
    title = {outbreaks: A Collection of Disease Outbreak Data},
    author = {Thibaut Jombart and Simon Frost and Pierre Nouvellet and Finlay Campbell and Bertrand Sudre},
    year = {2019},
    note = {R package version 1.6.0},
    url = {https://github.com/reconhub/outbreaks},
}
@Manual{R2019,
    title = {R: A Language and Environment for Statistical Computing},
    author = {{R Core Team}},
    organization = {R Foundation for Statistical Computing},
    address = {Vienna, Austria},
    year = {2019},
    url = {https://www.R-project.org/},
}
@book{Fruhwirth2019,
  title={Handbook of mixture analysis},
  author={Fruhwirth-Schnatter, Sylvia and Celeux, Gilles and Robert, Christian P},
  year={2019},
  publisher={CRC press}
}
